<?xml version="1.0" encoding="utf-8"?>
<record xmlns="http://www.loc.gov/MARC21/slim" xmlns:xsi="http://www.w3.org/2001/XMLSchema-instance" xsi:schemaLocation="http://www.loc.gov/MARC21/slim http://www.loc.gov/standards/marcxml/schema/MARC21slim.xsd">
	<leader>     nam a22        4500</leader>
	<controlfield tag="001">3079316</controlfield>
	<controlfield tag="003">NNC</controlfield>
	<controlfield tag="006">m        d        </controlfield>
	<controlfield tag="007">cr cn |||m|||a</controlfield>
	<controlfield tag="008">150505s1890    ir      o     000 0 araod</controlfield>
	<datafield ind1=" " ind2=" " tag="040">
		<subfield code="a">NNU</subfield>
		<subfield code="b">eng</subfield>
		<subfield code="e">rda</subfield>
		<subfield code="c">NNU</subfield>
	</datafield>
	<datafield ind1=" " ind2=" " tag="090">
		<subfield code="a">PJ6106.S235</subfield>
		<subfield code="b">I23 1890</subfield>
	</datafield>
	<datafield ind1="1" ind2=" " tag="100">
		<subfield code="6">880-01</subfield>
		<subfield code="a">Ibn Jāndār, Ḥusayn ibn Shihāb al-Dīn,</subfield>
		<subfield code="d">1603 or 1604-1665 or 1666.</subfield>
	</datafield>
	<datafield ind1="1" ind2="0" tag="240">
		<subfield code="6">880-02</subfield>
		<subfield code="a">Shawāhid al-muṭawwal al-musammá bi-ʻUqūd al-durar fī ḥall abyāt al-muṭawwal wa-al-mukhtaṣar</subfield>
	</datafield>
	<datafield ind1="1" ind2="0" tag="245">
		<subfield code="6">880-03</subfield>
		<subfield code="a">Hādhā Shawāhid al-muṭawwal al-musammá bi-ʻUqūd al-durar fī ḥall abyāt al-muṭawwal wa-al-mukhtaṣar /</subfield>
		<subfield code="c">muʼallifihi Ḥusayn ibn Shihāb al-Dīn.</subfield>
	</datafield>
	<datafield ind1="3" ind2=" " tag="246">
		<subfield code="6">880-04</subfield>
		<subfield code="a">Shawāhid al-muṭawwal al-musammá bi-ʻUqūd al-durar fī ḥall abyāt al-muṭawwal wa-al-mukhtaṣar</subfield>
	</datafield>
	<datafield ind1="3" ind2=" " tag="246">
		<subfield code="6">880-05</subfield>
		<subfield code="a">ʻUqūd al-durar fī ḥall abyāt al-muṭawwal wa-al-mukhtaṣar</subfield>
	</datafield>
	<datafield ind1=" " ind2=" " tag="260">
		<subfield code="6">880-06</subfield>
		<subfield code="a">[Ṭehrān] :</subfield>
		<subfield code="b">[publisher not identified],</subfield>
		<subfield code="c">[1307 i.e. 1890]</subfield>
	</datafield>
	<datafield ind1=" " ind2=" " tag="300">
		<subfield code="a">online resource (1 volume (unpaged))</subfield>
	</datafield>
	<datafield ind1=" " ind2=" " tag="336">
		<subfield code="a">text</subfield>
		<subfield code="2">rdacontent</subfield>
	</datafield>
	<datafield ind1=" " ind2=" " tag="337">
		<subfield code="a">computer</subfield>
		<subfield code="2">rdamedia</subfield>
	</datafield>
	<datafield ind1=" " ind2=" " tag="338">
		<subfield code="a">online resource</subfield>
		<subfield code="2">rdacarrier</subfield>
	</datafield>
	<datafield ind1=" " ind2=" " tag="500">
		<subfield code="a">Part of the Arabic Collections Online (ACO) project, contributed by Columbia University Libraries.</subfield>
	</datafield>
	<datafield ind1=" " ind2=" " tag="533">
		<subfield code="a">Electronic reproduction.</subfield>
		<subfield code="b">New York, N.Y. :</subfield>
		<subfield code="c">New York University,</subfield>
		<subfield code="d">2015.</subfield>
		<subfield code="5">NNU</subfield>
	</datafield>
	<datafield ind1=" " ind2="0" tag="650">
		<subfield code="a">Arabic language</subfield>
		<subfield code="x">Grammar.</subfield>
	</datafield>
	<datafield ind1="1" ind2="0" tag="600">
		<subfield code="6">880-07</subfield>
		<subfield code="a">Sakkākī, Yūsuf ibn Abī Bakr,</subfield>
		<subfield code="d">1160-</subfield>
		<subfield code="t">Miftāḥ al-ʻulūm.</subfield>
	</datafield>
	<datafield ind1="2" ind2=" " tag="710">
		<subfield code="a">Columbia University.</subfield>
		<subfield code="b">Libraries.</subfield>
	</datafield>
	<datafield ind1="0" ind2=" " tag="730">
		<subfield code="a">Arabic Collections Online.</subfield>
	</datafield>
	<datafield ind1="0" ind2="8" tag="776">
		<subfield code="i">Online version:</subfield>
		<subfield code="a">Ibn Jāndār, Ḥusayn ibn Shihāb al-Dīn, 1603 or 1604-1665 or 1666.</subfield>
		<subfield code="s">Shawāhid al-muṭawwal al-musammá bi-ʻUqūd al-durar fī ḥall abyāt al-muṭawwal wa-al-mukhtaṣar.</subfield>
		<subfield code="t">Hādhā Shawāhid al-muṭawwal al-musammá bi-ʻUqūd al-durar fī ḥall abyāt al-muṭawwal wa-al-mukhtaṣar.</subfield>
		<subfield code="d">[Tehran] : [publisher not identified], [1307 i.e. 1890]</subfield>
		<subfield code="w">(OCoLC)860702398</subfield>
	</datafield>
	<datafield ind1="0" ind2="8" tag="776">
		<subfield code="i">Print version:</subfield>
		<subfield code="a">Ibn Jāndār, Ḥusayn ibn Shihāb al-Dīn, 1603 or 1604-1665 or 1666.</subfield>
		<subfield code="t">Hādhā Shawāhid al-muṭawwal al-musammá bi-ʻUqūd al-durar fī ḥall abyāt al-muṭawwal wa-al-mukhtaṣar</subfield>
		<subfield code="w">(NNC)3079316</subfield>
		<subfield code="w">(OCoLC)29745537</subfield>
	</datafield>
	<datafield ind1="4" ind2="0" tag="856">
		<subfield code="u">http://hdl.handle.net/2333.1/f4qrfmjr</subfield>
	</datafield>
	<datafield ind1="1" ind2=" " tag="880">
		<subfield code="6">100-01/r</subfield>
		<subfield code="a">ابن جاندار، حسين بن شهاب الدين،</subfield>
		<subfield code="d">1603 or 1604-1665 or 1666.</subfield>
	</datafield>
	<datafield ind1="1" ind2="0" tag="880">
		<subfield code="6">240-02/r</subfield>
		<subfield code="a">شواهد المطول المسمى بعقود الدرر في حل ابيات المطول والمختصر</subfield>
	</datafield>
	<datafield ind1="1" ind2="0" tag="880">
		<subfield code="6">245-03/r</subfield>
		<subfield code="a">هاذا شواهد المطول المسمى بعقود الدرر في حل ابيات المطول والمختصر /</subfield>
		<subfield code="c">مؤلفه حسين بن شهاب الدين.</subfield>
	</datafield>
	<datafield ind1="3" ind2=" " tag="880">
		<subfield code="6">246-04/r</subfield>
		<subfield code="a">شواهد المطول المسمى بعقود الدرر في حل ابيات المطول والمختصر</subfield>
	</datafield>
	<datafield ind1="3" ind2=" " tag="880">
		<subfield code="6">246-05/r</subfield>
		<subfield code="a">عقود الدرر في حل ابيات المطول والمختصر</subfield>
	</datafield>
	<datafield ind1=" " ind2=" " tag="880">
		<subfield code="6">260-06/r</subfield>
		<subfield code="a">[طهران] :</subfield>
		<subfield code="b">[publisher not identified],</subfield>
		<subfield code="c">[1307 i.e. 1890]</subfield>
	</datafield>
	<datafield ind1="1" ind2="4" tag="880">
		<subfield code="6">600-07/r</subfield>
		<subfield code="a">سكاكي، يوسف بن ابي بكر،</subfield>
		<subfield code="d">1160-</subfield>
		<subfield code="t">مفتاح العلوم.</subfield>
	</datafield>
	<datafield ind1=" " ind2=" " tag="959">
		<subfield code="a">NNU</subfield>
		<subfield code="b">WEB</subfield>
		<subfield code="c">GENI</subfield>
		<subfield code="t">0</subfield>
		<subfield code="m">Electronic access</subfield>
		<subfield code="s">01</subfield>
	</datafield>
	<datafield ind1=" " ind2=" " tag="999">
		<subfield code="i">NNC_3079316</subfield>
		<subfield code="o">(OCoLC)ocm29745537</subfield>
		<subfield code="e">(ERROR-880)</subfield>
		<subfield code="s">columbia_aco000255</subfield>
	</datafield>
</record>
